<?xml version="1.0" encoding="UTF-8"?><collection xmlns="http://www.loc.gov/MARC21/slim"><record><leader>00504nam--2200193-i-4500</leader><controlfield tag="001">000042499</controlfield><controlfield tag="002">20161230</controlfield><controlfield tag="005">20161230201043</controlfield><controlfield tag="008">060222s1000------------r-----000-0-fre-d</controlfield><datafield ind1=" " ind2=" " tag="040"><subfield code="a">IFIN-HH</subfield></datafield><datafield ind1=" " ind2=" " tag="041"><subfield code="a">fre</subfield></datafield><datafield ind1=" " ind2=" " tag="080"><subfield code="a">537.52</subfield></datafield><datafield ind1="1" ind2=" " tag="100"><subfield code="a">Spitzer,L</subfield></datafield><datafield ind1="1" ind2="0" tag="245"><subfield code="a">Physique des gaz completement ionises</subfield><subfield code="b">Traduit par j.-e. blamont</subfield><subfield code="c">L. spitzer, jr</subfield></datafield><datafield ind1=" " ind2=" " tag="260"><subfield code="a">Paris</subfield><subfield code="b">Dunod</subfield><subfield code="c">1959</subfield></datafield><datafield ind1=" " ind2=" " tag="300"><subfield code="a">XV + 112 P</subfield></datafield><datafield ind1=" " ind2=" " tag="490"><subfield code="a">Monographies Dunod</subfield></datafield><datafield ind1=" " ind2=" " tag="852"><subfield code="a">14463</subfield><subfield code="c">537.52</subfield></datafield><datafield ind1=" " ind2=" " tag="CAT"><subfield code="a">Sys</subfield><subfield code="c">20110803</subfield><subfield code="h">145954</subfield></datafield></record></collection>